@misc{PHDCOMICS:OA,
   author  = "{PHD comics}",
   title   = "\emph{{File:PhD Comics Open Access Week 2012.ogv}}",
   howpublished = "[Online]. Available from: \url{https://en.wikipedia.org/wiki/File:PhD_Comics_Open_Access_Week_2012.ogv}",
   note    = "[Accessed 6th OCT 2016]"
}

@article{Teixeira2010,
author="Teixeira, A.A.C. and Rocha, M.F.",
title="Cheating by economics and business undergraduate
students: an exploratory international assessment",
journal="Higher Education",
year="2010",
doi="10.1007/s10734-009-9274-1",
url="http://link.springer.com/article/10.1007/s10734-009-9274-1"
}
@article{Comas2010,
author="Comas-Forgas, R. and Sureda-Negre, J.",
title="Academic Plagiarism: Explanatory Factors from Students’ Perspective",
journal="J Acad Ethics",
year="2010",
doi="10.1007/s10805-010-9121-0",
url="http://link.springer.com/article/10.1007/s10805-010-9121-0"
}
@article{Walker2012,
author="Walker, M. and Townley, C.",
title="Contract cheating: a new challenge for academic honesty?",
journal="J Acad Ethics",
year="2012",
doi="10.1007/s10805-012-9150-y",
url="http://link.springer.com/article/10.1007/s10805-012-9150-y"
}
@article{Molnar2015,
author="Molnar, K.K.",
title="Students’ Perceptions of Academic Dishonesty: A Nine-Year Study from 2005 to 2013",
journal="J Acad Ethics",
year="2015",
doi="10.1007/s10805-015-9231-9",
url="http://link.springer.com/article/10.1007/s10805-015-9231-9"
}
@article{Rettinger2009,
author="Rettinger, D.A. and Kramer, Y.",
title="Situational and Personal Causes of Student Cheating",
journal="Res High Educ",
year="2009",
doi="10.1007/s11162-008-9116-5",
url="http://link.springer.com/article/10.1007/s11162-008-9116-5"
}
@article{Dalal2015,
author="Dalal, N.",
title="Responding to plagiarism using reflective means",
journal="Int J Educ Integr",
year="2015",
doi="10.1007/s40979-015-0002-6",
url="http://link.springer.com/article/10.1007/s40979-015-0002-6"
}
@article{Childers2016,
author="Childers, D. and Bruton, S.",
title="“Should It Be Considered Plagiarism?” Student Perceptions of Complex Citation Issues",
journal="J Acad Ethics ",
year="2016",
doi="10.1007/s10805-015-9250-6",
url="http://link.springer.com/article/10.1007/s10805-015-9250-6"
}